<?xml version="1.0" encoding="UTF-8"?><record xmlns="http://www.loc.gov/MARC21/slim" xmlns:cinclude="http://apache.org/cocoon/include/1.0" xmlns:zs="http://www.loc.gov/zing/srw/">
  <leader>00825cz  a2200205n  4500</leader>
  <controlfield tag="001">no2005006209</controlfield>
  <controlfield tag="003">DLC</controlfield>
  <controlfield tag="005">20160401075516.0</controlfield>
  <controlfield tag="008">050124n| azannaabn          |n aaa      </controlfield>
  <datafield tag="010" ind1=" " ind2=" ">
    <subfield code="a">no2005006209</subfield>
  </datafield>
  <datafield tag="035" ind1=" " ind2=" ">
    <subfield code="a">(OCoLC)oca06541943</subfield>
  </datafield>
  <datafield tag="040" ind1=" " ind2=" ">
    <subfield code="a">SaPrNL</subfield>
    <subfield code="b">eng</subfield>
    <subfield code="e">rda</subfield>
    <subfield code="c">SaPrNL</subfield>
    <subfield code="d">SaPrNL</subfield>
  </datafield>
  <datafield tag="100" ind1="1" ind2=" ">
    <subfield code="a">Hlongwane, K. E.</subfield>
  </datafield>
  <datafield tag="370" ind1=" " ind2=" ">
    <subfield code="c">South Africa</subfield>
    <subfield code="f">Mboza (South Africa)</subfield>
    <subfield code="2">naf</subfield>
  </datafield>
  <datafield tag="373" ind1=" " ind2=" ">
    <subfield code="a">Mboza Primary School</subfield>
    <subfield code="a">Mlingo High School</subfield>
  </datafield>
  <datafield tag="374" ind1=" " ind2=" ">
    <subfield code="a">Teachers</subfield>
    <subfield code="a">School principals</subfield>
    <subfield code="2">lcsh</subfield>
  </datafield>
  <datafield tag="375" ind1=" " ind2=" ">
    <subfield code="a">male</subfield>
  </datafield>
  <datafield tag="377" ind1=" " ind2=" ">
    <subfield code="a">zul</subfield>
    <subfield code="a">eng</subfield>
  </datafield>
  <datafield tag="670" ind1=" " ind2=" ">
    <subfield code="a">Ngixolele mntanami!, 1997:</subfield>
    <subfield code="b">t.p. (K.E. Hlongwane)</subfield>
  </datafield>
  <datafield tag="670" ind1=" " ind2=" ">
    <subfield code="a">Authentic Nguni people's history, 2015:</subfield>
    <subfield code="b">title page (K.E. Hlongwane) page iii (started research in 1979, when assuming duty as a teacher at Mboza Primary School; finished in 2008 by then the Head Master at Mlingo High School for 18 years)</subfield>
  </datafield>
</record>